@inproceedings{Merrill:2007:ALP:1758156.1758158,
 author = {Merrill, David and Maes, Pattie},
 title = {Augmenting looking, pointing and reaching gestures to enhance the searching and browsing of physical objects},
 booktitle = {Proceedings of the 5th international conference on Pervasive computing},
 series = {PERVASIVE'07},
 year = {2007},
 isbn = {978-3-540-72036-2},
 location = {Toronto, Canada},
 pages = {1--18},
 numpages = {18},
 url = {http://dl.acm.org/citation.cfm?id=1758156.1758158},
 acmid = {1758158},
 publisher = {Springer-Verlag},
 address = {Berlin, Heidelberg},
} 